@TechReport{GIEC-14,
author = {GIEC},
title = {Cinquième rapport du {GIEC} sur les changements climatiques et leurs évolutions futures},
year = {2014}
}

@Book{Rifkin-12,
author = {Rifkin, Jeremy},
editor = {Les liens qui liberent},
title = {La troisième révolution industrielle},
publisher = {Les liens qui liberent},
year = {2012}
}

@Manual{Annex-53-1,
title = {Volume II: Occupant behavior and modeling - Total energy use in buildings},
author = {Annex53},
organization = {IEA/ECBCS},
year = {2013}
}%{Polinder, Henk and Schweiker, Marcel and Van Der Aa, Ad and Schakib-Ekbatan, Karin and Fabi, Valentina and Andersen, Rune and Morishita, Naomi and Wang, Chuang and Corgnati, Stefano and Heiselberg, Per and Yan, Da and Olesen, Bjarne and Bednar, Thomas and Wagner, Andreas}

@Article{Kampf-07,
author = {Kampf, Jerome Henry and Robinson, Daren},
title = {A simplified thermal model to support analysis of urban resource flows},
journal = {Energy and Buildings},
year = {2007},
volume = {37},
pages = {445–453}
}


@MastersThesis{Darakdjian-13,
author = {Darakdjian, Quentin and Lacarrière, Bruno and Bourges, Bernard},
title = {Spatial approach of the energy demand modeling at urban scale},
school = {Ecole des Mines de Nantes},
year = {2013}
}

@Article{Vorger-14,
author = {Vorger, Eric and Schalbart, Patrick and Peuportier, Bruno},
title = {Etude de l'influence des occupants sur la performance énergétique des ogements par le biais d'une modélisation stochastique globale},
journal = {Conférence IBPSA France-Arras},
year = {2014}
}

@Article{Michaelsen-09,
author = {Michaelsen, Boris and Eiden, Joerg},
title = {HumanComfort Modelica-Library Thermal Comfort in Buildings and Mobils Applications},
journal = {7 eme Conférence Modélica},
year = {2009}
}

@TechReport{Charles-03,
author = {Charles, KE},
title = {Fanger's Thermal Comfort and Draught Models},
institution = {Institut de Recherche en Construction},
year = {2003}
}

@PhdThesis{Gaaloul-12,
author = {Gaaloul},
title = {Interopérabilité basée sur les standards Modelica et composant logiciel pour la simulation énergétique des systèmes de bâtiment},
school = {Laboratoire de Génie Electrique de Grenoble},
year = {2012}
}

@Unpublished{Sousa-13,
author = {Sousa, Joana},
title = {Energy Simulation Software for Buildings: Review and Comparison},
note = {Faculdade de Engenharia da Universidade do Porto, Porto, Portugal},
year = {2013}
}

@Article{Chapman-14,
author = {Chapman, Jacob and Siebers, Peer-Olaf and Robinson, Darren},
title = {Coupling multi-agent stochastic simulation of occupants with building simulation},
journal = {Building Simulation and Optimization},
year = {2014}
}

@PhdThesis{Bourgeois-05,
author = {Bourgeois, Denis},
title = {Detailed occupancy prediction, occupancy-sensing control and advanced behavioural modelling within whole-building energy simulation},
school = {Université Laval},
year = {2005}
}

@Article{Hoes-09,
author = {Hoes, P and Hensen, J.L.M and Loomans, M.G.L.C and Vries, B and Bourgeois, D},
title = {User behavior in whole building simulation},
journal = {Energy and Buildings},
year = {2009},
volume = {41},
pages = {295-302}
}

@Unpublished{TRIBUTE-15,
author = {TRIBUTE},
title = {Take the energy bill back to the promised building performance},
note = {Premier rapport periodique},
year = {2015}
}


@Article{Bonte-14,
author = {Bonte, Mathieu and Thellier, Francoise and Lartigue, Bérangère},
title = {Impact of occupant's actions on building performance and thermal sensation},
journal = {Energy and Buildings},
year = {2014},
volume = {76},
pages = {219-227}
}

@TechReport{Mills-04,
author = {Mills, Evan and Friedman, Hannah and Powell, Tehesia and Bourassa, Norman and Clardge, David and Haasl, Tudi and Piette, Mary Ann},
title = {The Cost-Effectiveness of Commercial-Buildings Commissioning. A Meta-Analysis of Energy and Non-Energy Impacts in Existing Buildings and New Construction in the United States},
institution = {Lawrence Berkeley National Laboratory},
year = {2004}
}


@Article{Norford-94,
author = {Norford, LK and Socolow, RH and Hsieh, ES and Spadaro, GV},
title = {Two-to-one discrepancy between measured and predicted performance of a 'low-energy' office building: insights from reconciliation based on the DOE-2 model},
journal = {Energy and Buildings},
year = {1994},
volume = {21},
pages = {121-131}
}

@MastersThesis{AlKoussa-14,
author = {Al Koussa, Jad},
title = {Virtual Computational Testbed for Building-Integrated Renewable Energy Solutions},
school = {Eindhoven University of Technology},
year = {2014}
}


@Article{Kashif-13,
author = {Kashif, Ayesha and Ploix, Stéphane and Dugdale, Julie and Le Binh Hoa, Xuan},
title = {Simulating the dynamics of occupant behaviour for power management in residential buildings},
journal = {Energy and Buildings},
year = {2013},
volume = {56},
pages = {85-93}
}

@Article{Chen-12,
author = {Chen, Hung Ming and Lin, Chun Wei and Hsieh, Shang Hsien and Chao, Hsuan Fu and Chen, Chuin Shan and Shiu, Ruei Shiue and Ye, Shiang Ru and Deng, Yu Chang},
title = {Persuasive feedback model for inducing energy conservation behaviors of building users based on interaction with virtual object},
journal = {Energy and buildings},
year = {2012},
volume = {45},
pages = {106-115}
}

@Article{deMeester-13,
author = {de Meester, T and Marique, A and de Herde, A and Reiter, S},
title = {Impacts of occupant behaviours on residential heating consumption for detached houses in a temperate climate in the northern part of Europe},
journal = {Energy and Buildings},
year = {2013},
volume = {57},
pages = {313-323}
}

@Article{Degelman-99,
author = {Degelman, Lorry},
title = {A model for simulation of daylighting and occupancy sensors as an energy control strategy for office buildings},
journal = {Building Simulation},
year = {1999},
volume = {99},
pages = {571–578}
}

@TechReport{Larsen-10,
author = {Larsen, Tine Steen and Knudsen, Henrik and Kanstrup, Anne Marie and Christiansen, Ellen and Gram-Hanssen, Kristen and Mosgaard, Mette and Brohus, Henrik and Heiselberg, Per and Rose, Jorgen},
title = {Occupants influence on the energy consumption of Danish domestic buildings},
institution = {Aalborg University},
year = {2010}
}

@Article{O'Brien-14,
author = {O'Brien, William and Gunay, Burak},
title = {The contextual factors contributing to occupants’ adaptive comfort behaviors in offices e A review and proposed modeling framework},
journal = {Building and Environment},
year = {2014},
volume = {77},
pages = {77-87}
}

@Article{Leaman-99,
author = {Leaman, Adrian},
title = {Window Seat or Aisle? Studies of buildings in use are showing the importance of personal control of one's environment, which includes windows},
journal = {Architects' Journal},
year = {1999}
}

@Article{Sutter-06,
author = {Sutter, Yannick and Dumortier, Dominique and Fontoynont, Marc},
title = {The use of shading systems in VDU task offices: A pilot study},
journal = {Energy and Building},
year = {2006},
volume = {38},
pages = {780-789}
}

@PhdThesis{Andersen-09,
author = {Andersen, Rune Vinther},
title = {Occupant behaviour with regard to control of the indoor environment},
school = {Technical University of Denmark},
year = {2009}
}


@Article{Alfakara-14,
author = {Alfakara, Alaa and Croxford, Ben},
title = {Understanding occupants' behaviours using detailed agent-based modelling},
journal = {Conférence},
year = {2014}
}

@PhdThesis{Brisepierre-11,
author = {Brisepierre, Gaetan},
title = {Les conditions sociales et organisationelles du changement des pratiques de consommation d'énergie dans l'habitat collectif},
school = {Université Paris Descartes},
year = {2011},
}

@Article{Keul-11,
author = {Keul, A and Salzmann, R and Lehmden, A},
title = {Komfort und Luftqualitat im Niedrigenergie-Ziegelgebaude},
journal = {Mauerwerk},
year = {2011},
volume = {15},
pages = {176-178}
}

@TechReport{Muller-10,
author = {Müller, A and Biermayr, P and Kranzl, L and Haas, R and Altenburger, F},
title = {Systeme zur Warmebereitstellung und Raumklimatisierung im osterreichischen Gebaudebestand: Technologische Anforderungen bis zum Jahr 2050},
institution = {Technische Universität Wien},
year = {2010}
}

@Article{Peeters-08,
author = {Peeters, L and Van der Veken, J and Helsen, L},
title = {Control of heating systems in residential buildings: Current practice},
journal = {Energy and Buildings},
year = {2008},
volume = {40},
pages = {1446-1455}
}

@Manual{FBE-16,
title = {Methodes et outils de la garantie de résultats énergétiques: B\^atiments tertiaires et collectifs},
organization = {Fondation Batiment-Energie},
year = {2016}
}

@TechReport{IFPEB-2014,
author = {IFPEB},
title = {Consommations énergétiques réelles: Comment les prévoir et s'engager?},
year = {2014}
}

@Article{Lenormand-15,
author = {Lenormand, Pascal and Bourget, Marion and More, Fabien},
title = {Vers le Kamasutra de l'énergéticien},
journal = {Journées Internationales de Sociologie de l'Energie},
year = {2015},
volume = {2},
page = {356-359}
}

@Article{Kelly-13,
author = {Kelly, Scott and Shipworth, Michelle and Shipworth, David and Gentry, Michael and Wright, Andrews and Pollitt, Michael and Crawford-Brown, Doug and Lomas, Kevin},
title = {Predicting the diversity of internal temperatures from English residential sector using panel methods},
journal = {Applied Energy},
year = {2013},
volume = {102},
page = {601-621}
}

@Book{Maslow-56,
author = {Maslow, Abraham},
ALTeditor = {Eyrolles},
title = {Devenir le meilleur de soi-même: Besoins fondamentaux, motivation et personnalité},
publisher = {Eyrolles},
year = {1956}
}

@Article{Ajzen-91,
author = {Ajzen, Icek},
title = {The Theory of Planned Behavior},
journal = {Organizational behavior and human decision processes},
year = {1991},
volume = {50},
pages = {179-211}
}

@Article{VanRaaij-83,
author = {Van Raaij, W Fred and Verhallen, Theo},
title = {A behavioral model of residential energy use},
journal = {Journal of Economic Psychology},
year = {1983},
volume = {3},
pages = {39-63}
}

@TechReport{Morel-09,
author = {Morel, Nicolas and Gnansounou, Edgar},
title = {Energétique des bâtiments},
institution = {Ecole Polytechnique Fédérale de Lausanne},
year = {2009}
}

@Article{Glicksman-97,
author = {Glicksman, Leon and Taub, Steven},
title = {Thermal and behavioral modeling of occupant-controlled heating, ventilating and air conditioning systems},
journal = {Energy and Buildings},
year = {1997},
volume = {25},
pages = {243-249}
}

@Article{Tijani-14,
author = {Tijani, Khadija and Kashif, Ayesha and Dung Ngo, Quoc and Ploix, Stephane and Haas, Benjamin and Dugdale, Julie},
title = {Comparison between purely statistical and multi-agent based approches for occupant behaviour modeling in buildings},
journal = {Conférence IBPSA France},
year = {2014}
}

@Book{Ferber-95,
author = {Ferber, Jacques},
title = {Les systèmes multi-agents : vers une intelligence collective},
publisher = {InterEdition},
year = {1995}
}

@Article{Davidsson-05,
author = {Davidsson, Paul and Boman, Magnus},
title = {Distributed monitoring and control of oﬃce buildings by embedded agents},
journal = {Information sciences},
year = {2005},
volume = {171},
pages = {293-307}
}

@Article{Kashif-11,
author = {Kashif, Ayesha and Le Binh Hoa, Xuan and Dugdale, Julie and Ploix, Stéphane},
title = {Agent based framework to simulate inhabitant's behaviour in domestic settings for energy management},
journal = {Conférence IBPSA},
year = {2011}
}

@Article{Schwartz-77,
author = {Schwartz, Shalom},
title = {Normative influences on altruism},
journal = {Advances in Experimental Social Psychology},
year = {1977},
volume = {10},
pages = {221-279}
}

@PhdThesis{Savall-03,
author = {Savall, Marc},
title = {Une architecture d'agents pour la simulation - Le modèle YAMAM et sa plate-forme Phoenix},
school = {INSA de Rouen},
year = {2003}
}

@Article{Erceau-93,
author = {Erceau, Jean},
title = {Intelligence Artificielle Distribuée et Systèmes Multi-Agents - de la théorie aux applications},
journal = {23ème Ecole Internationale d'Informatique de l'AFCET, Neuchâtel},
year = {1993}
}

@Article{Maes-95,
author = {Maes, Pattie},
title = {Intelligent Software: Programs that can act independently will ease the burdens that computers put on people},
journal = {Scientific American},
year = {1995},
pages = {84-86}
}

@Article{Le-10,
author = {Le, Xuan and Kashif, Ayesha and Ploix, Stéphane and Dugdale, Julie and Di Mascolo, Maria and Abras, Shadi},
title = {Simulating inhabitant behaviour to manage energy at home},
journal = {Conférence IBPSA},
year = {2010}
}

@TechReport{Alonso-14,
author = {Alonso, Eduardo},
title = {From artificial intelligence to multi-agent systems: Some histoical and computational remarks},
institution = {University of York},
year = {2014}
}

@Article{Bonabeau-02,
author = {Bonabeau, Eric},
title = {Agent-based modeling. Methods and Techniques for simulating human systems},
journal = {National Academy of Sciences},
year = {2002}
}

@InProceedings{Huberman-95,
author = {Huberman, Bernardo and Clearwater, Scott},
title = {A multi-agent system for controlling building environments},
year = {1995}
}

@Article{Gaaloul-12,
author = {Gaaloul, Sana and Le, Xuan and Delinchant, Benoit and Wurtz, Frederic and Ploix, Stephane},
title = {Architecture à composants de co-simulation appliquée au couplage de la thermique du bâtiment au comportement de l'usager},
journal = {Conférence IBPSA},
year = {2012}
}

@Article{Andrews-11,
author = {Andrew, Clinton and Yi, Daniel and Krogmann, Uta and Senick, Jennifer and Wener, Richard},
title = {Designing Buildings for Real Occupants: An Agent-Based Approach},
journal = {IEEE},
year = {2011},
volume = {41}
}

@Article{Nouidui-13,
author = {Nouidui, Thierry and Wetter, Michael and Zuo Wangda},
title = {Functional Mock-Up Import in EnergPlus for co-simulation},
journal = {Conference International Building Performance Simulation Association},
year = {2013}
}

@Article{Steyerberg-03,
author = {Steyerberg, Ewout and Bleekerb, Sacha and Mollb, Henriette and Grobbeec, Diederick and Moonsc, Karel},
title = {Internal and external validation of predictive models: A simulation study of bias and precision in small sample},
journal = {Clinical Epidemiology},
year = {2003},
volume = {56},
pages = {441-447}
}

@Article{Plessis-14,
author = {Plessis, Gilles and Amouroux, Edouard and Haradji, Yvon},
title = {Coupling occupant behaviour with a building energy model - A FMI application},
journal = {10th Modelica International Conference},
year = {2014}
}

@Article{Schweiker-12,
author = {Schweiker, Marcel and Haldi, Frédéric and Shukuya, Masanori and Robinson, Darren},
title = {Verification of stochastic models of window opening behaviour for residential buildings},
journal = {Building Performance Simulation},
year = {2012},
OPTvolume = {5},
OPTnumber = {1},
OPTpages = {55-74}
}

@Article{Evarts-13,
author = {Evarts, John and Swan, Lukas},
title = {Domestic hot water consumption estimates for solar thermal system sizing},
journal = {Energy and buildings},
year = {2013},
volume = {58},
pages = {58-65}
}

@Article{Foda-11,
author = {Foda, Ehab and Almesri, Issa and Awbi, Hazim and Sirén, Kai},
title = {Models of human thermoregulation and the prediction of local and overall thermal sensations},
journal = {Building and Environment},
year = {2011},
volume = {46},
pages = {2023-2032}
}

@Article{Jacquot-14,
author = {Jacquot, Christel and Schellen, Lisje and Kingma, Boris and Van Baak, Marleen and Van Marken Lichtenbelt, Wouter},
title = {Influence of thermophysiology on thermal behavior: the essentials of categorization},
journal = {Physiology \& Behavior},
year = {2014},
volume = {128},
pages = {180-187}
}

@PhdThesis{Zaraket-14,
author = {Zaraket, Toufik},
title = {Stochastic activity-based approach of occupant-related energy consumption in residential buildings},
school = {Ecole Centrale de Paris},
year = {2014}
}

@Article{Beslay-08,
author = {Beslay, Christophe},
title = {Individualisation des frais de chauffage et maîtrise de la demande en énergie},
journal = { Énergie et société : Sciences, gouvernances et usages},
year = {2008},
OPTvolume = {22},
OPTpages = {183-191}
}

@TechReport{Brisepierre-15,
author = {Brisepierre, Gaëtan and Gaspard, Albane and Micheli-Balian, Twin},
title = {L'accompagnement des habitants: Une évidence à déconstruire},
institution = {Leroy Merlin},
year = {2015}
}