@TechReport{GIEC-14,
author = {GIEC},
title = {Cinquième rapport du {GIEC} sur les changements climatiques et leurs évolutions futures},
year = {2014}
}

@Book{Rifkin-12,
author = {Rifkin, Jeremy},
editor = {Les liens qui liberent},
title = {La troisième révolution industrielle: Comment le pouvoir latéral va transformer l'énergie, l'économie et le monde},
publisher = {Les liens qui liberent},
year = {2012}
}

@Manual{Annex-53-1,
title = {Volume II: Occupant behavior and modeling - Total energy use in buildings},
author = {Annex53},
organization = {IEA/ECBCS},
year = {2013}
}%{Polinder, Henk and Schweiker, Marcel and Van Der Aa, Ad and Schakib-Ekbatan, Karin and Fabi, Valentina and Andersen, Rune and Morishita, Naomi and Wang, Chuang and Corgnati, Stefano and Heiselberg, Per and Yan, Da and Olesen, Bjarne and Bednar, Thomas and Wagner, Andreas}

@Article{Kampf-07,
	title = {A simplified thermal model to support analysis of urban resource flows},
	volume = {39},
	issn = {03787788},
	url = {http://linkinghub.elsevier.com/retrieve/pii/S0378778806002192},
	doi = {10.1016/j.enbuild.2006.09.002},
	language = {en},
	number = {4},
	urldate = {2015-03-10},
	journal = {Energy and Buildings},
	author = {Kämpf, Jérôme Henri and Robinson, Darren},
	month = apr,
	year = {2007},
	pages = {445--453},
	file = {2007-Kampf-A simplified thermal model to support analysis of urban resource flows.pdf:files/22/2007-Kampf-A simplified thermal model to support analysis of urban resource flows.pdf:application/pdf}
}

@MastersThesis{Darakdjian-13,
author = {Darakdjian, Quentin and Lacarrière, Bruno and Bourges, Bernard},
title = {Spatial approach of the energy demand modeling at urban scale},
school = {Ecole des Mines de Nantes},
year = {2013}
}

@Article{Vorger-14,
author = {Vorger, Eric and Schalbart, Patrick and Peuportier, Bruno},
title = {Etude de l'influence des occupants sur la performance énergétique des ogements par le biais d'une modélisation stochastique globale},
journal = {Conférence IBPSA France-Arras},
year = {2014}
}

@Article{Michaelsen-09,
title = {{HumanComfort} {Modelica}-{Library} {Thermal} {Comfort} in {Buildings} and {Mobile} {Applications}},
	url = {http://www.ep.liu.se/ecp_article/index.en.aspx?issue=043;article=45},
	doi = {10.3384/ecp09430082},
	urldate = {2015-03-10},
	author = {Michaelsen, Boris and Eiden, Joerg},
	month = oct,
	year = {2009},
	pages = {403--412},
	file = {2009-Michaelsen-HumanComfort Modelica-Library Thermal Comfort in Buildings and Mobils Applications.pdf:files/35/2009-Michaelsen-HumanComfort Modelica-Library Thermal Comfort in Buildings and Mobils Applications.pdf:application/pdf}
}

@TechReport{Charles-03,
author = {Charles, KE},
title = {Fanger's Thermal Comfort and Draught Models},
institution = {Institut de Recherche en Construction},
year = {2003}
}

@PhdThesis{Gaaloul-12,
title = {Interopérabilité sur les standards {Modelica} et composant logiciel pour la simulation énergétique des sytèmes de bâtiment},
	url = {http://hal.univ-grenoble-alpes.fr/tel-00864001/},
	urldate = {2015-03-10},
	school = {Université de Grenoble},
	author = {Gaaloul, Sana},
	year = {2012},
	file = {2014-Gaaloul-Interopérabilité basée sur les standards Modelica et composant logiciel pour la simulation énergétique des systèmes de bâtiment.pdf:files/78/2014-Gaaloul-Interopérabilité basée sur les standards Modelica et composant logiciel pour la simulation énergétique des systèmes de bâtiment.pdf:application/pdf}
}

@Unpublished{Sousa-13,
author = {Sousa, Joana},
title = {Energy Simulation Software for Buildings: Review and Comparison},
note = {Faculdade de Engenharia da Universidade do Porto, Porto, Portugal},
year = {2013}
}

@Article{Chapman-14,
title = {{COUPLING} {MULTI}-{AGENT} {STOCHASTIC} {SIMULATION} {OF} {OCCUPANTS} {WITH} {BUILDING} {SIMULATION}},
	url = {http://www.bso14.org/BSO14_Papers/BSO14_Paper_016.pdf},
	urldate = {2015-10-19},
	author = {Chapman, Jacob and Siebers, Peer-Olaf and Robinson, Darren},
	file = {2014-Chapman-Coupling multi-agent stochastic simulation of occupants with building simulation.pdf:files/77/2014-Chapman-Coupling multi-agent stochastic simulation of occupants with building simulation.pdf:application/pdf}
}

@PhdThesis{Bourgeois-05,
title = {Detailed occupancy prediction, occupancy-sensing control and advanced behavioural modelling within whole-building energy simulation},
	url = {http://www.collectionscanada.gc.ca/obj/s4/f2/dsk3/QQLA/TC-QQLA-22706.pdf},
	urldate = {2015-03-10},
	school = {Université Laval Québec},
	author = {Bourgeois, Denis J.},
	year = {2005},
	file = {2005-Bourgeois-These-Detailed occupancy prediction, occupancy-sensing control and advanced behavioural modelling within whole-building energy simulation.pdf:files/18/2005-Bourgeois-These-Detailed occupancy prediction, occupancy-sensing control and advanced behavioural modelling within whole-building energy simulation.pdf:application/pdf}
}

@Article{Hoes-09,
title = {User behavior in whole building simulation},
	volume = {41},
	issn = {03787788},
	url = {http://linkinghub.elsevier.com/retrieve/pii/S0378778808002168},
	doi = {10.1016/j.enbuild.2008.09.008},
	language = {en},
	number = {3},
	urldate = {2015-03-10},
	journal = {Energy and Buildings},
	author = {Hoes, P. and Hensen, J.L.M. and Loomans, M.G.L.C. and de Vries, B. and Bourgeois, D.},
	month = mar,
	year = {2009},
	pages = {295--302},
	file = {2009-Hoes-User behavior in whole building simulation.pdf:files/33/2009-Hoes-User behavior in whole building simulation.pdf:application/pdf}
}

@Unpublished{TRIBUTE-15,
author = {TRIBUTE},
title = {Take the energy bill back to the promised building performance},
note = {Premier rapport periodique},
year = {2015}
}


@Article{Bonte-14,
title = {Impact of occupant's actions on energy building performance and thermal sensation},
	volume = {76},
	issn = {03787788},
	url = {http://linkinghub.elsevier.com/retrieve/pii/S0378778814002047},
	doi = {10.1016/j.enbuild.2014.02.068},
	language = {en},
	urldate = {2015-03-10},
	journal = {Energy and Buildings},
	author = {Bonte, Mathieu and Thellier, Françoise and Lartigue, Bérangère},
	month = jun,
	year = {2014},
	pages = {219--227},
	file = {2014-Bonte-Impact of occupant's actions on energy building performance and thermal sensation.pdf:files/75/2014-Bonte-Impact of occupant's actions on energy building performance and thermal sensation.pdf:application/pdf}
}

@TechReport{Mills-04,
author = {Mills, Evan and Friedman, Hannah and Powell, Tehesia and Bourassa, Norman and Clardge, David and Haasl, Tudi and Piette, Mary Ann},
title = {The Cost-Effectiveness of Commercial-Buildings Commissioning. A Meta-Analysis of Energy and Non-Energy Impacts in Existing Buildings and New Construction in the United States},
institution = {Lawrence Berkeley National Laboratory},
year = {2004}
}


@Article{Norford-94,
author = {Norford, LK and Socolow, RH and Hsieh, ES and Spadaro, GV},
title = {Two-to-one discrepancy between measured and predicted performance of a 'low-energy' office building: insights from reconciliation based on the DOE-2 model},
journal = {Energy and Buildings},
year = {1994},
volume = {21},
pages = {121--131}
}

@MastersThesis{AlKoussa-14,
author = {Al Koussa, Jad},
title = {Virtual Computational Testbed for Building-Integrated Renewable Energy Solutions},
school = {Eindhoven University of Technology},
year = {2014}
}


@Article{Kashif-13,
title = {Simulating the dynamics of occupant behaviour for power management in residential buildings},
	volume = {56},
	issn = {03787788},
	url = {http://linkinghub.elsevier.com/retrieve/pii/S0378778812004987},
	doi = {10.1016/j.enbuild.2012.09.042},
	language = {en},
	urldate = {2015-03-10},
	journal = {Energy and Buildings},
	author = {Kashif, Ayesha and Ploix, Stéphane and Dugdale, Julie and Le, Xuan Hoa Binh},
	month = jan,
	year = {2013},
	pages = {85--93},
	file = {2013-Kashif-Simulating the dynamics of occupant behaviour for power management in residential buildings.pdf:files/66/2013-Kashif-Simulating the dynamics of occupant behaviour for power management in residential buildings.pdf:application/pdf}
}

@Article{Chen-12,
	title = {Persuasive feedback model for inducing energy conservation behaviors of building users based on interaction with a virtual object},
	volume = {45},
	issn = {03787788},
	url = {http://linkinghub.elsevier.com/retrieve/pii/S0378778811004749},
	doi = {10.1016/j.enbuild.2011.10.029},
	language = {en},
	urldate = {2016-04-27},
	journal = {Energy and Buildings},
	author = {Chen, Hung-Ming and Lin, Chun-Wei and Hsieh, Shang-Hsien and Chao, Hsuan-Fu and Chen, Chuin-Shan and Shiu, Ruei-Shiue and Ye, Shiang-Ru and Deng, Yu-Chang},
	month = feb,
	year = {2012},
	pages = {106--115},
	file = {2012-Chen-Persuasive feedback model for inducing energy conservation behaviors of building users based on interaction with virtual object.pdf:files/394/2012-Chen-Persuasive feedback model for inducing energy conservation behaviors of building users based on interaction with virtual object.pdf:application/pdf}
}

@Article{deMeester-13,
title = {Impacts of occupant behaviours on residential heating consumption for detached houses in a temperate climate in the northern part of {Europe}},
	volume = {57},
	issn = {03787788},
	url = {http://linkinghub.elsevier.com/retrieve/pii/S0378778812005944},
	doi = {10.1016/j.enbuild.2012.11.005},
	language = {en},
	urldate = {2015-03-10},
	journal = {Energy and Buildings},
	author = {de Meester, Tatiana and Marique, Anne-Françoise and De Herde, André and Reiter, Sigrid},
	month = feb,
	year = {2013},
	pages = {313--323},
	file = {2013-de Meester-Impacts of occupant behaviours on residential heating consumption for detached houses.pdf:files/62/2013-de Meester-Impacts of occupant behaviours on residential heating consumption for detached houses.pdf:application/pdf}
}

@Article{Degelman-99,
author = {Degelman, Lorry},
title = {A model for simulation of daylighting and occupancy sensors as an energy control strategy for office buildings},
journal = {Building Simulation},
year = {1999},
volume = {99},
pages = {571–578}
}

@TechReport{Larsen-10,
title = {Occupants {Influence} on the {Energy} {Consumption} of {Danish} {Domestic} {Buildings}: state of the art},
	shorttitle = {Occupants {Influence} on the {Energy} {Consumption} of {Danish} {Domestic} {Buildings}},
	url = {http://forskningsbasen.deff.dk/Share.external?sp=Sc7a407fa-1ea8-4439-b0b0-83daf27da65c&sp=Saau},
	urldate = {2015-03-10},
	institution = {Department of Civil Engineering, Aalborg University},
	author = {Larsen, Tine Steen and Knudsen, Henrik Nellemose and Kanstrup, Anne Marie and Christiansen, Ellen Tove and Gram-Hanssen, Kirsten and Mosgaard, Mette and Brohus, Henrik and Heiselberg, Per and Rose, Jørgen},
	year = {2010},
	file = {2010-Larsen-Occupants influence on the energy consumption of Danish domestic buildings.pdf:files/39/2010-Larsen-Occupants influence on the energy consumption of Danish domestic buildings.pdf:application/pdf}
}

@Article{O'Brien-14,
title = {The contextual factors contributing to occupants' adaptive comfort behaviors in offices – {A} review and proposed modeling framework},
	volume = {77},
	issn = {03601323},
	url = {http://linkinghub.elsevier.com/retrieve/pii/S0360132314000845},
	doi = {10.1016/j.buildenv.2014.03.024},
	language = {en},
	urldate = {2015-03-10},
	journal = {Building and Environment},
	author = {O'Brien, William and Gunay, H. Burak},
	month = jul,
	year = {2014},
	pages = {77--87},
	file = {2014-O'Brian-The contextual factors contributing to occupants’ adaptive comfort behaviors in offices e A review and proposed modeling framework.pdf:files/331/2014-O'Brian-The contextual factors contributing to occupants’ adaptive comfort behaviors in offices e A review and proposed modeling framework.pdf:application/pdf;2014-O'Brien-The contextual factors contributing to occupants' adaptative comfort behavior in offices.pdf:files/82/2014-O'Brien-The contextual factors contributing to occupants' adaptative comfort behavior in offices.pdf:application/pdf}
}

@Article{Leaman-99,
author = {Leaman, Adrian},
title = {Window Seat or Aisle? Studies of buildings in use are showing the importance of personal control of one's environment, which includes windows},
journal = {Architects' Journal},
month = mar,
year = {1999}
}

@Article{Sutter-06,
title = {The use of shading systems in {VDU} task offices: {A} pilot study},
	volume = {38},
	issn = {03787788},
	shorttitle = {The use of shading systems in {VDU} task offices},
	url = {http://linkinghub.elsevier.com/retrieve/pii/S0378778806000582},
	doi = {10.1016/j.enbuild.2006.03.010},
	language = {en},
	number = {7},
	urldate = {2015-03-10},
	journal = {Energy and Buildings},
	author = {Sutter, Yannick and Dumortier, Dominique and Fontoynont, Marc},
	month = jul,
	year = {2006},
	pages = {780--789},
	file = {2006-Sutter-The use of shading systems in VDU task offices- A pilot study.pdf:files/21/2006-Sutter-The use of shading systems in VDU task offices- A pilot study.pdf:application/pdf}
}

@PhdThesis{Andersen-09,
author = {Andersen, Rune Vinther},
title = {Occupant behaviour with regard to control of the indoor environment},
school = {Technical University of Denmark},
year = {2009},
url = {http://www.researchgate.net/profile/Rune_Andersen2/publication/258568613_OCCUPANT_BEHAVIOUR_WITH_REGARD_TO_CONTROL_OF_THE_INDOOR_ENVIRONMENT/links/00b49528b37679f2f5000000.pdf},
urldate = {2015-03-10},
file = {2009-Andersen-These-Occupant Behaviour with Regard to Control of the Indoor Environment.pdf:files/31/2009-Andersen-These-Occupant Behaviour with Regard to Control of the Indoor Environment.pdf:application/pdf}
}

@Article{Alfakara-14,
title = {{UNDERSTANDING} {OCCUPANTS}’{BEHAVIOURS} {USING} {DETAILED} {AGENT}-{BASED} {MODELLING}},
	url = {https://www.researchgate.net/profile/Alaa_Alfakara/publication/266673688_Understanding_occupants_behaviours_using_detailed_agent-_based_modelling/links/551ac8520cf2fdce84379e37.pdf},
	urldate = {2016-01-04},
	author = {Alfakara, Alaa and Croxford, Ben},
	file = {2014-Alfakara-Understanding occupants' behaviours using detailed agentbased.pdf:files/73/2014-Alfakara-Understanding occupants' behaviours using detailed agentbased.pdf:application/pdf}
}

@PhdThesis{Brisepierre-11,
author = {Brisepierre, Gaetan},
title = {Les conditions sociales et organisationelles du changement des pratiques de consommation d'énergie dans l'habitat collectif},
school = {Université Paris Descartes},
year = {2011},
}

@Article{Keul-11,
author = {Keul, A and Salzmann, R and Lehmden, A},
title = {Komfort und Luftqualitat im Niedrigenergie-Ziegelgebaude},
journal = {Mauerwerk},
year = {2011},
volume = {15},
pages = {176-178}
}

@TechReport{Muller-10,
author = {Müller, A and Biermayr, P and Kranzl, L and Haas, R and Altenburger, F},
title = {Systeme zur Warmebereitstellung und Raumklimatisierung im osterreichischen Gebaudebestand: Technologische Anforderungen bis zum Jahr 2050},
institution = {Technische Universität Wien},
year = {2010}
}

@Article{Peeters-08,
author = {Peeters, L and Van der Veken, J and Helsen, L},
title = {Control of heating systems in residential buildings: Current practice},
journal = {Energy and Buildings},
year = {2008},
volume = {40},
pages = {1446-1455}
}

@Manual{FBE-16,
title = {Methodes et outils de la garantie de résultats énergétiques: B\^atiments tertiaires et collectifs},
organization = {Fondation Batiment-Energie},
year = {2016}
}

@TechReport{IFPEB-2014,
author = {IFPEB},
title = {Consommations énergétiques réelles: Comment les prévoir et s'engager?},
year = {2014}
}

@Article{Lenormand-15,
author = {Lenormand, Pascal and Bourget, Marion and More, Fabien},
title = {Vers le Kamasutra de l'énergéticien},
journal = {Journées Internationales de Sociologie de l'Energie},
year = {2015},
volume = {2},
page = {356-359}
}

@Article{Kelly-13,
title = {Predicting the diversity of internal temperatures from the {English} residential sector using panel methods},
	volume = {102},
	url = {http://www.sciencedirect.com/science/article/pii/S0306261912005855},
	urldate = {2015-03-10},
	journal = {Applied Energy},
	author = {Kelly, Scott and Shipworth, Michelle and Shipworth, David and Gentry, Michael and Wright, Andrew and Pollitt, Michael and Crawford-Brown, Doug and Lomas, Kevin},
	year = {2013},
	pages = {601--621},
	file = {2012-Kelly-A panel model for prdecting the diversity of internal temperatures from English dwellings.pdf:files/54/2012-Kelly-A panel model for prdecting the diversity of internal temperatures from English dwellings.pdf:application/pdf;2013-Kelly-Predicting the diversity of internal temperatures from the English residential sector using panel methods.pdf:files/252/2013-Kelly-Predicting the diversity of internal temperatures from the English residential sector using panel methods.pdf:application/pdf}
}

@Book{Maslow-56,
author = {Maslow, Abraham},
ALTeditor = {Eyrolles},
title = {Devenir le meilleur de soi-même: Besoins fondamentaux, motivation et personnalité},
publisher = {Eyrolles},
year = {1956}
}

@Article{Ajzen-91,
title = {The theory of planned behavior},
	volume = {50},
	url = {http://www.sciencedirect.com/science/article/pii/074959789190020T},
	number = {2},
	urldate = {2016-04-26},
	journal = {Organizational behavior and human decision processes},
	author = {Ajzen, Icek},
	year = {1991},
	pages = {179--211},
	file = {1991-Ajzen-The Theory of Planned Behavior.pdf:files/6/1991-Ajzen-The Theory of Planned Behavior.pdf:application/pdf}
}

@Article{VanRaaij-83,
author = {Van Raaij, W Fred and Verhallen, Theo},
title = {A behavioral model of residential energy use},
journal = {Journal of Economic Psychology},
year = {1983},
volume = {3},
pages = {39-63}
}

@book{Morel-09,
title = {Energétique du bâtiment},
	url = {http://moodlearchive.epfl.ch/2007-2008/file.php/721/0963-EnerBat2007.pdf},
	urldate = {2015-03-10},
	publisher = {Presses polytechniques romandes},
	author = {Roulet, Claude-Alain and Dauriat, Arnaud},
	year = {1987},
	file = {2009-Morel-RapTec-Energétique des bâtiments-EPFL.pdf:files/36/2009-Morel-RapTec-Energétique des bâtiments-EPFL.pdf:application/pdf;2015-Langevin-Quantifying the human-building interaction Considering the active adaptative occupant in building performance simulation.pdf:files/344/2015-Langevin-Quantifying the human-building interaction Considering the active adaptative occupant in building performance simulation.pdf:application/pdf}
}

@Article{Glicksman-97,
author = {Glicksman, Leon and Taub, Steven},
title = {Thermal and behavioral modeling of occupant-controlled heating, ventilating and air conditioning systems},
journal = {Energy and Buildings},
year = {1997},
volume = {25},
pages = {243-249}
}

@Article{Tijani-14,
title = {Comparison between purely statistical and multi-agent based approaches for occupant behaviour modeling in buildings},
	url = {http://ibpsa.fr/jdownloads/Conferences_et_Congres/IBPSA_France/2014_conferenceIBPSA/Articles/tijani-1104.pdf},
	urldate = {2015-03-10},
	booktitle = {{IBPSA}. {Conference} {Francophone} of the {International} {Building} {Performance} {Simulation} {Association}.},
	author = {Tijani, Khadija and Kashif, Ayesha and Ploix, Stéphane and Haas, Benjamin and Dugdale, Julie and Ngo, Q. D.},
	year = {2014},
	file = {2014-Tijani-Comparison between purely statistical and multi-agent based approaches for occupant behaviour modeling in buildings.pdf:files/84/2014-Tijani-Comparison between purely statistical and multi-agent based approaches for occupant behaviour modeling in buildings.pdf:application/pdf}
}

@article{Ferber-95,
	title = {L’ingénierie des interactions dans les systèmes d’apprentissage},
	volume = {25},
	url = {http://www.erudit.org/revue/rse/1999/v25/n1/031996ar.html},
	number = {1},
	urldate = {2015-03-10},
	journal = {Revue des sciences de l'éducation},
	author = {Paquette, Gilbert},
	year = {1999},
	pages = {135--161},
	file = {1995-Ferber-Livre-Les Systèmes Multi Agents. vers une intelligence collective.pdf:files/8/1995-Ferber-Livre-Les Systèmes Multi Agents. vers une intelligence collective.pdf:application/pdf}
}

@Article{Davidsson-05,
title = {Distributed monitoring and control of office buildings by embedded agents},
	volume = {171},
	issn = {00200255},
	url = {http://linkinghub.elsevier.com/retrieve/pii/S0020025504003111},
	doi = {10.1016/j.ins.2004.09.007},
	language = {en},
	number = {4},
	urldate = {2015-03-10},
	journal = {Information Sciences},
	author = {Davidsson, P and Boman, M},
	month = may,
	year = {2005},
	pages = {293--307},
	file = {2005-Davidsson-Distributed monitoring and control of office buildings by embedded agents.pdf:files/19/2005-Davidsson-Distributed monitoring and control of office buildings by embedded agents.pdf:application/pdf}
}

@inproceedings{Kashif-11,
title = {{AGENT} {BASED} {FRAMEWORK} {TO} {SIMULATE} {INHABITANTS}’ {BEHAVIOUR} {IN} {DOMESTIC} {SETTINGS} {FOR} {ENERGY} {MANAGEMENT}:},
	isbn = {978-989-8425-40-9 978-989-8425-41-6},
	shorttitle = {{AGENT} {BASED} {FRAMEWORK} {TO} {SIMULATE} {INHABITANTS}’ {BEHAVIOUR} {IN} {DOMESTIC} {SETTINGS} {FOR} {ENERGY} {MANAGEMENT}},
	url = {http://www.scitepress.org/DigitalLibrary/Link.aspx?doi=10.5220/0003150301900199},
	doi = {10.5220/0003150301900199},
	urldate = {2015-03-10},
	publisher = {SciTePress - Science and and Technology Publications},
	author = {Kashif, Ayesha and Le, Xuan Hoa Binh and Dugdale, Julie and Ploix, Stéphane},
	year = {2011},
	pages = {190--199},
	file = {2011-Kashif-Agent based framework to simulate inhabitants' behaviour in domestic settings for energy management.pdf:files/46/2011-Kashif-Agent based framework to simulate inhabitants' behaviour in domestic settings for energy management.pdf:application/pdf}
}

@Article{Schwartz-77,
author = {Schwartz, Shalom},
title = {Normative influences on altruism},
journal = {Advances in Experimental Social Psychology},
year = {1977},
volume = {10},
pages = {221-279}
}

@PhdThesis{Savall-03,
author = {Savall, Marc},
title = {Une architecture d'agents pour la simulation - Le modèle YAMAM et sa plate-forme Phoenix},
school = {INSA de Rouen},
year = {2003}
}

@Article{Erceau-93,
author = {Erceau, Jean},
title = {Intelligence Artificielle Distribuée et Systèmes Multi-Agents - de la théorie aux applications},
journal = {23ème Ecole Internationale d'Informatique de l'AFCET, Neuchâtel},
year = {1993}
}

@Article{Maes-95,
author = {Maes, Pattie},
title = {Intelligent Software: Programs that can act independently will ease the burdens that computers put on people},
journal = {Scientific American},
year = {1995},
pages = {84-86}
}

@Article{Le-10,
author = {Le, Xuan Hoa Binh and Kashif, Ayesha and Ploix, Stéphane and Dugdale, Julie and Di Mascolo, Maria and Abras, Shadi},
title = {Simulating inhabitant behaviour to manage energy at home},
journal = {Conférence IBPSA},
year = {2010}
}

@article{Alonso-14,
title = {From {Artificial} {Intelligence} to {Multi}-{Agent} {Systems}: {Some} {Historical} and {Computational} {Remarks}},
	volume = {21},
	shorttitle = {From {Artificial} {Intelligence} to {Multi}-{Agent} {Systems}},
	url = {http://www.researchgate.net/profile/E_Alonso3/publication/2327070_From_Artificial_Intelligence_to_Multi-Agent_Systems_Some_Historical_and_Computational_Remarks/links/0c9605162f7e3229ea000000.pdf},
	number = {1},
	urldate = {2015-03-10},
	journal = {Artificial Intelligence Review},
	author = {Alonso, Eduardo},
	year = {1998},
	pages = {3--24},
	file = {2014-Alonso-From Artificial intelligence to multi-agent systems some historical and computational remarks.pdf:files/74/2014-Alonso-From Artificial intelligence to multi-agent systems some historical and computational remarks.pdf:application/pdf}
}

@Article{Bonabeau-02,
title = {Agent-based modeling: {Methods} and techniques for simulating human systems},
	volume = {99},
	shorttitle = {Agent-based modeling},
	url = {http://www.pnas.org/content/99/suppl_3/7280.short},
	number = {suppl 3},
	urldate = {2015-03-10},
	journal = {Proceedings of the National Academy of Sciences},
	author = {Bonabeau, Eric},
	year = {2002},
	pages = {7280--7287},
	file = {2002-Bonabeau-Agent-based modeling. Methods and Techniques for simulating human systems.pdf:files/13/2002-Bonabeau-Agent-based modeling. Methods and Techniques for simulating human systems.pdf:application/pdf}
}

@InProceedings{Huberman-95,
author = {Huberman, Bernardo and Clearwater, Scott},
title = {A multi-agent system for controlling building environments},
year = {1995}
}

@Article{Gaaloul-12,
author = {Gaaloul, Sana and Le, Xuan and Delinchant, Benoit and Wurtz, Frederic and Ploix, Stephane},
title = {Architecture à composants de co-simulation appliquée au couplage de la thermique du bâtiment au comportement de l'usager},
journal = {Conférence IBPSA},
year = {2012}
}

@Article{Andrews-11,
	title = {Designing {Buildings} for {Real} {Occupants}: {An} {Agent}-{Based} {Approach}},
	volume = {41},
	issn = {1083-4427, 1558-2426},
	shorttitle = {Designing {Buildings} for {Real} {Occupants}},
	url = {http://ieeexplore.ieee.org/lpdocs/epic03/wrapper.htm?arnumber=5740371},
	doi = {10.1109/TSMCA.2011.2116116},
	number = {6},
	urldate = {2015-03-10},
	journal = {IEEE Transactions on Systems, Man, and Cybernetics - Part A: Systems and Humans},
	author = {Andrews, C. J. and Yi, D. and Krogmann, U. and Senick, J. A. and Wener, R. E.},
	month = nov,
	year = {2011},
	pages = {1077--1091},
	file = {2011-Andrews-Designing buildings for real occupants An Agent-Based Approach.pdf:files/45/2011-Andrews-Designing buildings for real occupants An Agent-Based Approach.pdf:application/pdf}
}

@Article{Nouidui-13,
title = {Functional {Mock}-{Up} {Unit} {Import} in {EnergyPlus} {For} {Co}-{Simulation}},
	url = {http://escholarship.org/uc/item/02d8r3d0.pdf},
	urldate = {2015-06-15},
	author = {Nouidui, Thierry Stephane},
	year = {2014},
	file = {2013-Nouidui-Functional mock-up unit import in energyplus for co-simulation.pdf:files/187/2013-Nouidui-Functional mock-up unit import in energyplus for co-simulation.pdf:application/pdf}
}

@Article{Steyerberg-03,
title = {Internal and external validation of predictive models: {A} simulation study of bias and precision in small samples},
	volume = {56},
	issn = {08954356},
	shorttitle = {Internal and external validation of predictive models},
	url = {http://linkinghub.elsevier.com/retrieve/pii/S0895435603000477},
	doi = {10.1016/S0895-4356(03)00047-7},
	language = {en},
	number = {5},
	urldate = {2015-05-28},
	journal = {Journal of Clinical Epidemiology},
	author = {Steyerberg, Ewout W and Bleeker, Sacha E and Moll, Henriëtte A and Grobbee, Diederick E and Moons, Karel G.M},
	month = may,
	year = {2003},
	pages = {441--447},
	file = {2003-Steyerberg-Internal and external validation of predictive models A simulation study of bias and precision in small samples.pdf:files/180/2003-Steyerberg-Internal and external validation of predictive models A simulation study of bias and precision in small samples.pdf:application/pdf}
}

@Article{Plessis-14,
author = {Plessis, Gilles and Amouroux, Edouard and Haradji, Yvon},
title = {Coupling occupant behaviour with a building energy model - A FMI application},
journal = {10th Modelica International Conference},
year = {2014}
}

@Article{Schweiker-12,
title = {Verification of stochastic models of window opening behaviour for residential buildings},
	volume = {5},
	issn = {1940-1493, 1940-1507},
	url = {http://www.tandfonline.com/doi/abs/10.1080/19401493.2011.567422},
	doi = {10.1080/19401493.2011.567422},
	language = {en},
	number = {1},
	urldate = {2015-03-10},
	journal = {Journal of Building Performance Simulation},
	author = {Schweiker, Marcel and Haldi, Frédéric and Shukuya, Masanori and Robinson, Darren},
	month = jan,
	year = {2012},
	pages = {55--74},
	file = {2012-Schweiker-Verification of stochastic models of window opening behaviour for residential buildings.pdf:files/56/2012-Schweiker-Verification of stochastic models of window opening behaviour for residential buildings.pdf:application/pdf}
}

@Article{Evarts-13,
	title = {Domestic hot water consumption estimates for solar thermal system sizing},
	volume = {58},
	issn = {03787788},
	url = {http://linkinghub.elsevier.com/retrieve/pii/S0378778812006238},
	doi = {10.1016/j.enbuild.2012.11.020},
	language = {en},
	urldate = {2015-03-10},
	journal = {Energy and Buildings},
	author = {Evarts, John C. and Swan, Lukas G.},
	month = mar,
	year = {2013},
	pages = {58--65},
	file = {2013-Evarts-Domestic hot water consumption estimates for solar thermal system sizing.pdf:files/64/2013-Evarts-Domestic hot water consumption estimates for solar thermal system sizing.pdf:application/pdf}
}

@Article{Foda-11,
title = {Models of human thermoregulation and the prediction of local and overall thermal sensations},
	volume = {46},
	issn = {03601323},
	url = {http://linkinghub.elsevier.com/retrieve/pii/S0360132311001120},
	doi = {10.1016/j.buildenv.2011.04.010},
	language = {en},
	number = {10},
	urldate = {2016-01-04},
	journal = {Building and Environment},
	author = {Foda, Ehab and Almesri, Issa and Awbi, Hazim B. and Sirén, Kai},
	month = oct,
	year = {2011},
	pages = {2023--2032},
	file = {2011-Foda-Models of human thermoregulation and prediction of local and overall thermal sensations.pdf:files/244/2011-Foda-Models of human thermoregulation and prediction of local and overall thermal sensations.pdf:application/pdf}
}

@Article{Jacquot-14,
title = {Influence of thermophysiology on thermal behavior: the essentials of categorization},
	volume = {128},
	issn = {00319384},
	shorttitle = {Influence of thermophysiology on thermal behavior},
	url = {http://linkinghub.elsevier.com/retrieve/pii/S0031938414000420},
	doi = {10.1016/j.physbeh.2014.01.025},
	language = {en},
	urldate = {2016-01-04},
	journal = {Physiology \& Behavior},
	author = {Jacquot, Christel M.C. and Schellen, Lisje and Kingma, Boris R. and van Baak, Marleen A. and van Marken Lichtenbelt, Wouter D.},
	month = apr,
	year = {2014},
	pages = {180--187},
	file = {2014-Jacquot-Influence of thermophysiology on thermal behavior, the essentials of categorization.pdf:files/246/2014-Jacquot-Influence of thermophysiology on thermal behavior, the essentials of categorization.pdf:application/pdf}
}

@PhdThesis{Zaraket-14,
title = {Stochastic activity-based approach of occupant-related energy consumption in residential buildings},
	url = {http://www.theses.fr/2014ECAP0033},
	urldate = {2015-10-19},
	school = {Châtenay-Malabry, Ecole centrale de Paris},
	author = {Zaraket, Toufic},
	year = {2014},
	file = {2014-Zaraket-These-Stochastic activity-based approach-related energy consumption in residential buildings.pdf:files/4/2014-Zaraket-These-Stochastic activity-based approach-related energy consumption in residential buildings.pdf:application/pdf;2014-Zaraket-These-Stochastic activity-based approach-related energy consumption in residential buildings.pdf:files/92/2014-Zaraket-These-Stochastic activity-based approach-related energy consumption in residential buildings.pdf:application/pdf}
}

@Article{Beslay-08,
author = {Beslay, Christophe},
title = {Individualisation des frais de chauffage et maîtrise de la demande en énergie},
journal = { Énergie et société : Sciences, gouvernances et usages},
year = {2008},
volume = {22},
pages = {183-191}
}

@TechReport{Brisepierre-15,
author = {Brisepierre, Gaëtan and Gaspard, Albane and Micheli-Balian, Twin},
title = {L'accompagnement des habitants: Une évidence à déconstruire},
institution = {Leroy Merlin},
year = {2015}
}

@book{Maresca-09,
	title = {La consommation d'énergie dans l'habitat entre recherche de confort et impératif écologique},
	url = {http://temis.documentation.developpement-durable.gouv.fr/documents/Temis/0066/Temis-0066823/18697.pdf},
	urldate = {2016-02-02},
	publisher = {Centre de recherche pour l'étude et l'observation des conditions de vie},
	author = {Maresca, Bruno and Dujin, Anne and Picard, Romain},
	year = {2009},
	file = {2009-CREDOC-La consommation d'énergie dans l'habitat entre recherche de confort et impératif écologique.pdf:files/267/2009-CREDOC-La consommation d'énergie dans l'habitat entre recherche de confort et impératif écologique.pdf:application/pdf}
}

@TechReport{Devaliere-11,
	title = {La précarité énergétique: avoir froid ou dépenser trop pour se chauffer},
	shorttitle = {La précarité énergétique},
	url = {http://www.epsilon.insee.fr/jspui/handle/1/2942},
	urldate = {2016-02-02},
	author = {Devalière, Isolde and Briant, Pierrette and Arnault, Séverine},
	year = {2011},
	file = {2011-INSEE-La précarité énergétique, Avoir froid ou dépenser trop pour se chauffer.pdf:files/265/2011-INSEE-La précarité énergétique, Avoir froid ou dépenser trop pour se chauffer.pdf:application/pdf}
}

@inProceedings{Cavailhes-11,
	title = {La consommation d'énergie des ménages en {France}},
	url = {https://www.researchgate.net/profile/Jean_Cavailhes/publication/267709214_La_consommation_d'nergie_des_mnages_en_France/links/549418e70cf220ee47a1c8ad.pdf},
	urldate = {2016-02-02},
	booktitle = {Convention {MEEDM}-{INRA}},
	author = {Cavailhès, Jean and Joly, Daniel and Brossard, Thierry and Cardot, Hervé and Hilal, Mohamed and Wavresky, Pierre},
	year = {2011},
	pages = {0009},
	file = {2011-INRA-La consommation d'énergie des ménages en France.pdf:files/264/2011-INRA-La consommation d'énergie des ménages en France.pdf:application/pdf}
}

@TechReport{Penot-Antoniou-13,
author = {Penot-Antoniou, Lucile and Zobiri, Rym},
title = {Les déterminants de la température de chauffage adoptée par les ménages},
institution = {CGDD},
year = {2013}
}

@Article{Andersen-11,
	title = {Modelling occupants’ heating set-point prefferences},
	url = {http://forskningsbasen.deff.dk/Share.external?sp=Sb93c695f-9164-4f01-805b-08f9a5009cc3&sp=Sdtu},
	urldate = {2015-03-10},
	journal = {Building Simulation 2011},
	author = {Andersen, Rune Vinther and Olesen, Bjarne W. and Toftum, Jørn},
	year = {2011},
	pages = {1451--1456},
	file = {2011-Andersen-Modelling occupant’s heating set-point preferences.pdf:files/44/2011-Andersen-Modelling occupant’s heating set-point preferences.pdf:application/pdf}
}

@Article{Fabi-13,
title = {Influence of occupant's heating set-point preferences on indoor environmental quality and heating demand in residential buildings},
	volume = {19},
	url = {http://www.tandfonline.com/doi/abs/10.1080/10789669.2013.789372},
	number = {5},
	urldate = {2016-03-15},
	journal = {HVAC\&R Research},
	author = {Fabi, Valentina and Andersen, Rune Vinther and Corgnati, Stefano Paolo},
	year = {2013},
	pages = {635--645},
	file = {2014-Fabi-Influence of occupant's heating set-point preferences on indoor environmental quality and heating demand in residential buildings.pdf:files/306/2014-Fabi-Influence of occupant's heating set-point preferences on indoor environmental quality and heating demand in residential buildings.pdf:application/pdf}
}

@Article{Pitt-02,
author = {Pitt, Mark and Myong, Jae},
title = {When a good fit can be bad},
journal = {Trends in Cognitive Sciences},
year = {2002},
volume = {6},
number = {10},
pages = {421--425}
}

@Article{Schweiker-16,
title = {The effect of occupancy on perceived control, neutral temperature, and behavioral patterns},
	volume = {117},
	issn = {03787788},
	url = {http://linkinghub.elsevier.com/retrieve/pii/S0378778815303650},
	doi = {10.1016/j.enbuild.2015.10.051},
	language = {en},
	urldate = {2016-04-06},
	journal = {Energy and Buildings},
	author = {Schweiker, Marcel and Wagner, Andreas},
	month = apr,
	year = {2016},
	pages = {246--259},
	file = {2015-Schweiker-The effect of occupancy on perceived control, neutral temperature, and behavioral patterns.pdf:files/326/2015-Schweiker-The effect of occupancy on perceived control, neutral temperature, and behavioral patterns.pdf:application/pdf;2015-Schweiker-The effect of occupancy on perceived control, neutral temperature, and behavioral patterns.pdf:files/328/2015-Schweiker-The effect of occupancy on perceived control, neutral temperature, and behavioral patterns.pdf:application/pdf}
}

@Article{Gaetani-16,
author = {Gaetani, Isabella and Hoes, Pieter-Jan and Hensen, Jan},
title = {Occupant behavior in building energy simulation: towards a fit-for-purpose modeling strategy},
journal = {TBD},
year = {2016},
volume = {TBD},
pages = {TBD}
}

@PhdThesis{Jaboob-16,
author = {Said, Jaboob},
title = {Stochastic Modelling of Occupants’ Activities and Related Behaviours},
school = {University of Nottingham},
year = {2016}
}

@Article{Page-08,
title = {A generalised stochastic model for the simulation of occupant presence},
	volume = {40},
	issn = {03787788},
	url = {http://linkinghub.elsevier.com/retrieve/pii/S037877880700031X},
	doi = {10.1016/j.enbuild.2007.01.018},
	language = {en},
	number = {2},
	urldate = {2015-03-10},
	journal = {Energy and Buildings},
	author = {Page, J. and Robinson, D. and Morel, N. and Scartezzini, J.-L.},
	month = jan,
	year = {2008},
	pages = {83--98},
	file = {2008-Page-A generalised stochastic model for the simulation of occupant presence.pdf:files/26/2008-Page-A generalised stochastic model for the simulation of occupant presence.pdf:application/pdf}
}

@Article{Wilke-13,
title = {A bottom-up stochastic model to predict building occupants' time-dependent activities},
	volume = {60},
	issn = {03601323},
	url = {http://linkinghub.elsevier.com/retrieve/pii/S0360132312002867},
	doi = {10.1016/j.buildenv.2012.10.021},
	language = {en},
	urldate = {2015-03-10},
	journal = {Building and Environment},
	author = {Wilke, Urs and Haldi, Frédéric and Scartezzini, Jean-Louis and Robinson, Darren},
	month = feb,
	year = {2013},
	pages = {254--264},
	file = {2013-Wilke-A bottom-up stochastic model to predict building occupants'time-dependent activities.pdf:files/69/2013-Wilke-A bottom-up stochastic model to predict building occupants'time-dependent activities.pdf:application/pdf}
}

@PhdThesis{Chapman-16,
author = {Chapman, Jacob},
title = {TBD},
school = {University of Nottingham},
year = {2016}
}

@Article{Mahdavi-14,
title = {Predicting people's presence in buildings: {An} empirically based model performance analysis},
	volume = {86},
	issn = {03787788},
	shorttitle = {Predicting people's presence in buildings},
	url = {http://linkinghub.elsevier.com/retrieve/pii/S037877881400872X},
	doi = {10.1016/j.enbuild.2014.10.027},
	language = {en},
	urldate = {2016-04-26},
	journal = {Energy and Buildings},
	author = {Mahdavi, Ardeshir and Tahmasebi, Farhang},
	month = jan,
	year = {2015},
	pages = {349--355},
	file = {2015-Mahdavi-Predicting people's presence in buildings - An empirically based model performance analysis.pdf:files/379/2015-Mahdavi-Predicting people's presence in buildings - An empirically based model performance analysis.pdf:application/pdf}
}

@Article{Tanimoto-08,
	title = {Validation of probabilistic methodology for generating actual inhabitants’ behavior schedules for accurate prediction of maximum energy requirements},
	volume = {40},
	issn = {03787788},
	url = {http://linkinghub.elsevier.com/retrieve/pii/S0378778807000916},
	doi = {10.1016/j.enbuild.2007.02.032},
	language = {en},
	number = {3},
	urldate = {2016-04-27},
	journal = {Energy and Buildings},
	author = {Tanimoto, Jun and Hagishima, Aya and Sagara, Hiroki},
	month = jan,
	year = {2008},
	pages = {316--322},
	file = {2006-Tanimoto-Validation of the proba.pdf:files/388/2006-Tanimoto-Validation of the proba.pdf:application/pdf}
}

@Article{Widen-12,
title = {Models of domestic occupancy, activities and energy use based on time-use data: deterministic and stochastic approaches with application to various building-related simulations},
	volume = {5},
	issn = {1940-1493, 1940-1507},
	shorttitle = {Models of domestic occupancy, activities and energy use based on time-use data},
	url = {http://www.tandfonline.com/doi/abs/10.1080/19401493.2010.532569},
	doi = {10.1080/19401493.2010.532569},
	language = {en},
	number = {1},
	urldate = {2016-04-27},
	journal = {Journal of Building Performance Simulation},
	author = {Widén, Joakim and Molin, Andreas and Ellegård, Kajsa},
	month = jan,
	year = {2012},
	pages = {27--44},
	file = {2012-Widèn-Models of domestic occupancy, activities and energy.pdf:files/390/2012-Widèn-Models of domestic occupancy, activities and energy.pdf:application/pdf}
}

@Article{Aerts-14,
title = {A method for the identification and modelling of realistic domestic occupancy sequences for building energy demand simulations and peer comparison},
	volume = {75},
	url = {http://www.sciencedirect.com/science/article/pii/S0360132314000304},
	urldate = {2015-03-10},
	journal = {Building and environment},
	author = {Aerts, D. and Minnen, J. and Glorieux, I. and Wouters, I. and Descamps, F.},
	year = {2014},
	pages = {67--78},
	file = {2014-Aerts-A probabilistic activity model to include realistic occupant behaviour in building simulation.pdf:files/72/2014-Aerts-A probabilistic activity model to include realistic occupant behaviour in building simulation.pdf:application/pdf}
}

@Article{Newsham-95,
author = {Newsham, Guy and Mahdavi, Ardeshir  and Beausoleil-Morrison, Ian },
title = {Lightswitch: a stochastic model for
predicting office lighting energy
consumption},
journal = {3rd European Conference on Energy Efficient Lighting, Newcastle, UK},
year = {1995},
pages = {59--66}
}


@inproceedings{Erickson-09,
	title = {Energy efficient building environment control strategies using real-time occupancy measurements},
	url = {http://dl.acm.org/citation.cfm?id=1810284},
	urldate = {2016-05-11},
	booktitle = {Proceedings of the {First} {ACM} {Workshop} on {Embedded} {Sensing} {Systems} for {Energy}-{Efficiency} in {Buildings}},
	publisher = {ACM},
	author = {Erickson, Varick L. and Lin, Yiqing and Kamthe, Ankur and Brahme, Rohini and Surana, Amit and Cerpa, Alberto E. and Sohn, Michael D. and Narayanan, Satish},
	year = {2009},
	pages = {19--24},
	file = {2009-Erickson-Energy Efficient Building.pdf:C\:\\Users\\Manu\\AppData\\Roaming\\Zotero\\Zotero\\Profiles\\q6pshb2m.default\\zotero\\storage\\J7MJDEI6\\2009-Erickson-Energy Efficient Building.pdf:application/pdf}
}

@article{Wang-05,
	title = {Modeling occupancy in single person offices},
	volume = {37},
	issn = {03787788},
	url = {http://linkinghub.elsevier.com/retrieve/pii/S0378778804001951},
	doi = {10.1016/j.enbuild.2004.06.015},
	language = {en},
	number = {2},
	urldate = {2016-05-11},
	journal = {Energy and Buildings},
	author = {Wang, Danni and Federspiel, Clifford C. and Rubinstein, Francis},
	month = feb,
	year = {2005},
	pages = {121--126},
	file = {2005-Wang-Modeling occupancy in single person offices.pdf:C\:\\Users\\Manu\\AppData\\Roaming\\Zotero\\Zotero\\Profiles\\q6pshb2m.default\\zotero\\storage\\QSUMKH53\\2005-Wang-Modeling occupancy in single person offices.pdf:application/pdf}
}


@inproceedings{Yamaguchi-03,
	title = {Development of district energy system simulation model based on detailed energy demand model},
	url = {http://www.ibpsa.org/proceedings/bs2003/bs03_1443_1450.pdf},
	urldate = {2016-05-11},
	booktitle = {Proceeding of {Eighth} {International} {IBPSA} {Conference}},
	author = {Yamaguchi, Yohei and Shimoda, Yoshiyuki and Mizuno, Minoru},
	year = {2003},
	pages = {1443--1450},
	file = {2003-Yamagushi-Development of district energy.pdf:C\:\\Users\\Manu\\AppData\\Roaming\\Zotero\\Zotero\\Profiles\\q6pshb2m.default\\zotero\\storage\\GCGKWETD\\2003-Yamagushi-Development of district energy.pdf:application/pdf}
}


@article{Robinson-07,
	title = {{SUNtool} – {A} new modelling paradigm for simulating and optimising urban sustainability},
	volume = {81},
	issn = {0038092X},
	url = {http://linkinghub.elsevier.com/retrieve/pii/S0038092X0700120X},
	doi = {10.1016/j.solener.2007.06.002},
	language = {en},
	number = {9},
	urldate = {2016-05-11},
	journal = {Solar Energy},
	author = {Robinson, D. and Campbell, N. and Gaiser, W. and Kabel, K. and Le-Mouel, A. and Morel, N. and Page, J. and Stankovic, S. and Stone, A.},
	month = sep,
	year = {2007},
	pages = {1196--1211},
	file = {2007-Robinson-SUNtool – A new modelling paradigm for simulating and optising urban sustainability.pdf:C\:\\Users\\Manu\\AppData\\Roaming\\Zotero\\Zotero\\Profiles\\q6pshb2m.default\\zotero\\storage\\77PB674Z\\2007-Robinson-SUNtool – A new modelling paradigm for simulating and optising urban sustainability.pdf:application/pdf}
}


@article{Feng-15,
	title = {Simulation of occupancy in buildings},
	volume = {87},
	issn = {03787788},
	url = {http://linkinghub.elsevier.com/retrieve/pii/S0378778814010342},
	doi = {10.1016/j.enbuild.2014.11.067},
	language = {en},
	urldate = {2015-07-21},
	journal = {Energy and Buildings},
	author = {Feng, Xiaohang and Yan, Da and Hong, Tianzhen},
	month = jan,
	year = {2015},
	pages = {348--359},
	file = {2015-Feng-Simulation of occupancy in buildings.pdf:C\:\\Users\\Manu\\AppData\\Roaming\\Zotero\\Zotero\\Profiles\\q6pshb2m.default\\zotero\\storage\\5F7NZ2ZC\\2015-Feng-Simulation of occupancy in buildings.pdf:application/pdf}
}